% this is the bibliography file


@Misc{iso-odf,
  author = 	 {International Organization for Standardization},
  title = 	 {ISO/IEC 26300:2006 Open Document Format},
  howpublished = {\url{http://std.dkuug.dk/keld/iso26300-odf/is26300/iso_iec_26300:2006_e.pdf}},
  month = 	 {December},
  year = 	 {2006},
  annote = 	 {\url{http://www.iso.org/iso/iso_catalogue/catalogue_tc/catalogue_detail.htm?csnumber=43485}}
}

@article{shacham2007rop,
  title    = {The Geometry of Innocent Flesh on the Bone: Return-into-libc without Function Calls (on the x86)},
  author = {Shacham, Hovav},
  journal  = {ACM},
  year   = {2007},
  annote = {\url{http://dl.acm.org/citation.cfm?doid=1315245.1315313}}
}

@article{barret2015smtlib,
  title    = {The SMT-LIB Standard Version 2.5},
  author = {Barret, Clark and Fontaine, Pascal and Tinelli, Cesare},
  year   = {2015},
  annote = {\url{http://smtlib.cs.uiowa.edu/papers/smt-lib-reference-v2.5-r2015-06-28.pdf}}
}

@article{schwartz2011q,
  title    = {Q: Exploit Hardening Made Easy},
  author = {Schwartz, Edward J and Avgerinos, Thanassis and Brumley, David},
  journal  = {Usenix Security Symposium},
  year   = {2011},
  annote = {\url{https://edmcman.github.io/papers/usenix11.pdf}}
}

@article{salwan2011ropgadget,
  title    = {ROPgadget Tool},
  author = {Salwan, Jonathan},
  year   = {2011},
  annote = {\url{http://shell-storm.org/project/ROPgadget/}}
}

@article{heitman2014barf,
  title    = {BARF: A multiplatform open source Binary Analysis and Reverse engineering Framework},
  author = {Heitman, Christian and Arce, Ivan},
  year   = {2014},
  annote = {\url{http://www.fundacionsadosky.org.ar/wp-content/uploads/2014/10/barf_cacic2014.pdf}}
}

@article{maijin2016r2book,
  title    = {The Radare2 Book},
  author = {Maxime Morin (maijin)},
  year   = {2016},
  annote = {\url{https://www.gitbook.com/book/radare/radare2book/details}}
}

@article{pancake2008rbook,
  title    = {The Original Radare Book},
  author = {Sergi Alvarez (pancake)},
  year   = {2008},
  annote = {\url{http://radare.org/get/radare.pdf}}
}

@article{pancake2009radare,
  title    =    {Manual Binary Mangling with Radare},
  author   =    {Sergi Alvarez (pancake)},
  journal  =    {Phrack},
  month    =    {November},
  year     =    {2009},
  annote   =    {\url{http://phrack.org/issues/66/14.html}}
}

@article{roemer2012rop,
  title    = {Return-Oriented Programming: Systems, Languages, and Applications},
  author = {Roemer, Ryan and Buchanan, Erik and Shacham, Hovav and Savage, Stefan},
  journal  = {ACM},
  year   = {2012},
  annote = {\url{http://dl.acm.org/citation.cfm?id=2133377}}
}

@article{peslyak1997dep,
  title={StackPatch},
  author={Peslyak(aka Solar Designer), Alexander},
  journal={Bugtraq},
  month={April},
  year={1997},
  annote={\url{http://marc.info/?l=bugtraq&m=94346976029249&w=2}}
}

@article{peslyak1997ret2libc,
  title={"return-to-libc" attack},
  author={Peslyak(aka Solar Designer), Alexander},
  journal={Bugtraq},
  month={August},
  year={1997},
  annote={\url{http://insecure.org/sploits/linux.libc.return.lpr.sploit.html}}
}

@article{taeho1999adv.overflow,
  title={Advanced Buffer Overflow Exploits},
  author={Oh, Taeho},
  month={October},
  year={1999},
  annote={\url{https://packetstormsecurity.com/files/11673/adv.overflow.paper.txt.html}}
}

@article{nergal2001ret2libc,
  title={The advanced return-into-lib(c) exploits},
  author={Nergal},
  journal={Phrack},
  volume={4},
  number={58},
  year={2001}
}

@article{aleph1996stacksmash,
  title ={Smashing The Stack For Fun And Profit},
  author={One, Aleph},
  journal={Phrack},
  volume={7},
  number={49},
  year={1996}
}

@article{dullien2009reil,
  title    = {REIL: A platform-independent intermediate representation of disassembled code for static code analysis},
  author = {Dullien, Thomas and Porst, Sebastian},
  month = {March},
  year   = {2009},
  annote = {\url{https://static.googleusercontent.com/media/www.zynamics.com/ro//downloads/csw09.pdf}}
}
